@book{klein2006survival,
  title={Survival analysis: techniques for censored and truncated data},
  author={Klein, John P and Moeschberger, Melvin L},
  year={2006},
  publisher={Springer Science \& Business Media},
  edition={Second}
}

@book{collett2015modelling,
  title={Modelling survival data in medical research},
  author={Collett, David},
  year={2015},
  publisher={CRC press}
}